%BIBLIOGRAFÍA
@online{ros2-understanding-topics,
	title        = {Understanding ROS2 Topics},
	author       = {{ROS 2 Documentation Team}},
	year         = {2025},
	url          = {https://docs.ros.org/en/humble/Tutorials/Beginner-CLI-Tools/Understanding-ROS2-Topics/Understanding-ROS2-Topics.html},
	organization = {ROS 2 Documentation},
	note         = {[Online; accessed 21-May-2025]}
}

@online{medinagl_robotica,
	author       = {Medina Gil Lamadrid, Jesús Iván},
	title        = {{Robotica}: Código fuente del proyecto de robótica},
	year         = {2025},
	url          = {https://github.com/IvanMedinaGL/Robotica.git},
	organization = {GitHub},
	note         = {[código en línea; consultado 21-May-2025]}
}

@book{craig2006robotica,
	author    = {John J. Craig},
	title     = {Robótica: visión general, cinemática, dinámica y control},
	year      = {2006},
	publisher = {Pearson Educación},
	address   = {México}
}

@misc{rosorg,
	author       = {Open Source Robotics Foundation},
	title        = {ROS - Robot Operating System},
	year         = {2024},
	howpublished = {\url{https://www.ros.org/}},
	note         = {Accedido el 27 de mayo de 2025}
}

@misc{rosnodes,
	title        = {ROS Wiki: Nodes},
	year         = {2024},
	howpublished = {\url{https://wiki.ros.org/Nodes}},
	note         = {Accedido el 27 de mayo de 2025}
}

@misc{rostopics,
	title        = {ROS Wiki: Topics},
	year         = {2024},
	howpublished = {\url{https://wiki.ros.org/Topics}},
	note         = {Accedido el 27 de mayo de 2025}
}

@misc{rosmessages,
	title        = {ROS Wiki: Messages},
	year         = {2024},
	howpublished = {\url{https://wiki.ros.org/Messages}},
	note         = {Accedido el 27 de mayo de 2025}
}

@misc{rosservices,
	title        = {ROS Wiki: Services},
	year         = {2024},
	howpublished = {\url{https://wiki.ros.org/Services}},
	note         = {Accedido el 27 de mayo de 2025}
}

@online{wang2020differential,
	author    = {Jie Wang},
	title     = {Differential Kinematics},
	year      = {2020},
	url       = {https://opentextbooks.clemson.edu/wangrobotics/chapter/differential-kinematics/},
	note      = {Accedido el 27 de mayo de 2025}
}
